@inproceedings{agrawal2012analysis,
  title     = {Analysis of thompson sampling for the multi-armed bandit problem},
  author    = {Agrawal, Shipra and Goyal, Navin},
  booktitle = {Conference on learning theory},
  pages     = {39--1},
  year      = {2012}
}

@article{alley2019unified,
  title     = {Unified rational protein engineering with sequence-based deep representation learning},
  author    = {Alley, Ethan C and Khimulya, Grigory and Biswas, Surojit and AlQuraishi, Mohammed and Church, George M},
  journal   = {Nature methods},
  volume    = {16},
  number    = {12},
  pages     = {1315--1322},
  year      = {2019},
  publisher = {Nature Publishing Group}
}

@article{alvares2013effects,
  title     = {Effects of a polar amino acid substitution on helix formation and aggregate size along the detergent-induced peptide folding pathway},
  author    = {Alvares, Rohan DA and Tulumello, David V and Macdonald, Peter M and Deber, Charles M and Prosser, R Scott},
  journal   = {Biochimica et Biophysica Acta (BBA)-Biomembranes},
  volume    = {1828},
  number    = {2},
  pages     = {373--381},
  year      = {2013},
  publisher = {Elsevier}
}

@inproceedings{amini2019uncovering,
  title     = {Uncovering and mitigating algorithmic bias through learned latent structure},
  author    = {Amini, Alexander and Soleimany, Ava P and Schwarting, Wilko and Bhatia, Sangeeta N and Rus, Daniela},
  booktitle = {Proceedings of the 2019 AAAI/ACM Conference on AI, Ethics, and Society},
  pages     = {289--295},
  year      = {2019}
}

@article{auer2010ucb,
  title     = {UCB revisited: Improved regret bounds for the stochastic multi-armed bandit problem},
  author    = {Auer, Peter and Ortner, Ronald},
  journal   = {Periodica Mathematica Hungarica},
  volume    = {61},
  number    = {1-2},
  pages     = {55--65},
  year      = {2010},
  publisher = {Akad{\'e}miai Kiad{\'o}, co-published with Springer Science+ Business Media BV~â€¦}
}

@book{back1996evolutionary,
  title     = {Evolutionary algorithms in theory and practice: evolution strategies, evolutionary programming, genetic algorithms},
  author    = {Back, Thomas},
  year      = {1996},
  publisher = {Oxford university press}
}

@techreport{baluja1997using,
  title       = {Using Optimal Dependency-Trees for Combinatorial Optimization: Learning the Structure of the Search Space.},
  author      = {Baluja, Shumeet and Davies, Scott},
  year        = {1997},
  institution = {CARNEGIE-MELLON UNIV PITTSBURGH PA DEPT OF COMPUTER SCIENCE}
}

@inproceedings{behjati2019universal,
  title        = {Universal adversarial attacks on text classifiers},
  author       = {Behjati, Melika and Moosavi-Dezfooli, Seyed-Mohsen and Baghshah, Mahdieh Soleymani and Frossard, Pascal},
  booktitle    = {ICASSP 2019-2019 IEEE International Conference on Acoustics, Speech and Signal Processing (ICASSP)},
  pages        = {7345--7349},
  year         = {2019},
  organization = {IEEE}
}

@article{betts2003amino,
  title     = {Amino acid properties and consequences of substitutions},
  author    = {Betts, Matthew J and Russell, Robert B},
  journal   = {Bioinformatics for geneticists},
  volume    = {317},
  pages     = {289},
  year      = {2003},
  publisher = {Wiley Online Library}
}

@article{biswas2020low,
  title     = {Low-N protein engineering with data-efficient deep learning},
  author    = {Biswas, Surojit and Khimulya, Grigory and Alley, Ethan C and Esvelt, Kevin M and Church, George M},
  journal   = {bioRxiv},
  year      = {2020},
  publisher = {Cold Spring Harbor Laboratory}
}

@article{brookes2018design,
  title   = {Design by adaptive sampling},
  author  = {Brookes, David H and Listgarten, Jennifer},
  journal = {arXiv preprint arXiv:1810.03714},
  year    = {2018}
}

@article{brookes2019conditioning,
  title   = {Conditioning by adaptive sampling for robust design},
  author  = {Brookes, David H and Park, Hahnbeom and Listgarten, Jennifer},
  journal = {arXiv preprint arXiv:1901.10060},
  year    = {2019}
}

@article{chen1991enzyme,
  title     = {Enzyme engineering for nonaqueous solvents: random mutagenesis to enhance activity of subtilisin E in polar organic media},
  author    = {Chen, Keqin and Arnold, Frances H},
  journal   = {Bio/Technology},
  volume    = {9},
  number    = {11},
  pages     = {1073--1077},
  year      = {1991},
  publisher = {Nature Publishing Group}
}

@article{chen2009optimal,
  title     = {Optimal contraction theorem for exploration--exploitation tradeoff in search and optimization},
  author    = {Chen, Jie and Xin, Bin and Peng, Zhihong and Dou, Lihua and Zhang, Juan},
  journal   = {IEEE Transactions on Systems, Man, and Cybernetics-Part A: Systems and Humans},
  volume    = {39},
  number    = {3},
  pages     = {680--691},
  year      = {2009},
  publisher = {IEEE}
}

@article{cho2018three,
  title   = {Three-dimensionally embedded graph convolutional network (3dgcn) for molecule interpretation},
  author  = {Cho, Hyeoncheol and Choi, Insung S},
  journal = {arXiv preprint arXiv:1811.09794},
  year    = {2018}
}

@article{cisse2017houdini,
  title   = {Houdini: Fooling deep structured prediction models},
  author  = {Cisse, Moustapha and Adi, Yossi and Neverova, Natalia and Keshet, Joseph},
  journal = {arXiv preprint arXiv:1707.05373},
  year    = {2017}
}

@article{dahiyat1997novo,
  title     = {De novo protein design: fully automated sequence selection},
  author    = {Dahiyat, Bassil I and Mayo, Stephen L},
  journal   = {Science},
  volume    = {278},
  number    = {5335},
  pages     = {82--87},
  year      = {1997},
  publisher = {American Association for the Advancement of Science}
}

@article{dickson2009cost,
  title   = {The cost of new drug discovery and development},
  author  = {Dickson, Michael and Gagnon, Jean Paul},
  journal = {Discovery medicine},
  volume  = {4},
  number  = {22},
  pages   = {172--179},
  year    = {2009}
}

@article{dimasi2016innovation,
  title     = {Innovation in the pharmaceutical industry: new estimates of R\&D costs},
  author    = {DiMasi, Joseph A and Grabowski, Henry G and Hansen, Ronald W},
  journal   = {Journal of health economics},
  volume    = {47},
  pages     = {20--33},
  year      = {2016},
  publisher = {Elsevier}
}

@article{du2016good,
  title     = {How good are statistical models at approximating complex fitness landscapes?},
  author    = {Du Plessis, Louis and Leventhal, Gabriel E and Bonhoeffer, Sebastian},
  journal   = {Molecular biology and evolution},
  volume    = {33},
  number    = {9},
  pages     = {2454--2468},
  year      = {2016},
  publisher = {Oxford University Press}
}

@inproceedings{gelly2006exploration,
  title  = {Exploration exploitation in go: UCT for Monte-Carlo go},
  author = {Gelly, Sylvain and Wang, Yizao},
  year   = {2006}
}

@article{gelly2012grand,
  title     = {The grand challenge of computer Go: Monte Carlo tree search and extensions},
  author    = {Gelly, Sylvain and Kocsis, Levente and Schoenauer, Marc and Sebag, Michele and Silver, David and Szepesv{\'a}ri, Csaba and Teytaud, Olivier},
  journal   = {Communications of the ACM},
  volume    = {55},
  number    = {3},
  pages     = {106--113},
  year      = {2012},
  publisher = {ACM New York, NY, USA}
}

@article{gomez2018automatic,
  title     = {Automatic chemical design using a data-driven continuous representation of molecules},
  author    = {G{\'o}mez-Bombarelli, Rafael and Wei, Jennifer N and Duvenaud, David and Hern{\'a}ndez-Lobato, Jos{\'e} Miguel and S{\'a}nchez-Lengeling, Benjam{\'\i}n and Sheberla, Dennis and Aguilera-Iparraguirre, Jorge and Hirzel, Timothy D and Adams, Ryan P and Aspuru-Guzik, Al{\'a}n},
  journal   = {ACS central science},
  volume    = {4},
  number    = {2},
  pages     = {268--276},
  year      = {2018},
  publisher = {ACS Publications}
}

@inproceedings{goodfellow2014generative,
  title     = {Generative adversarial nets},
  author    = {Goodfellow, Ian and Pouget-Abadie, Jean and Mirza, Mehdi and Xu, Bing and Warde-Farley, David and Ozair, Sherjil and Courville, Aaron and Bengio, Yoshua},
  booktitle = {Advances in neural information processing systems},
  pages     = {2672--2680},
  year      = {2014}
}

@article{gunawan2006bayesian,
  title  = {A Bayesian approach to reliability-based optimization with incomplete information},
  author = {Gunawan, Subroto and Papalambros, Panos Y},
  year   = {2006}
}

@inproceedings{hansen1996adapting,
  title        = {Adapting arbitrary normal mutation distributions in evolution strategies: The covariance matrix adaptation},
  author       = {Hansen, Nikolaus and Ostermeier, Andreas},
  booktitle    = {Proceedings of IEEE international conference on evolutionary computation},
  pages        = {312--317},
  year         = {1996},
  organization = {IEEE}
}

@incollection{hilbert1935stetige,
  title     = {{\"U}ber die stetige Abbildung einer Linie auf ein Fl{\"a}chenst{\"u}ck},
  author    = {Hilbert, David},
  booktitle = {Dritter Band: Analysis{\textperiodcentered} Grundlagen der Mathematik{\textperiodcentered} Physik Verschiedenes},
  pages     = {1--2},
  year      = {1935},
  publisher = {Springer}
}

@article{hu2004developing,
  title     = {Developing optimal non-linear scoring function for protein design},
  author    = {Hu, Changyu and Li, Xiang and Liang, Jie},
  journal   = {Bioinformatics},
  volume    = {20},
  number    = {17},
  pages     = {3080--3098},
  year      = {2004},
  publisher = {Oxford University Press}
}

@article{huang2016coming,
  title     = {The coming of age of de novo protein design},
  author    = {Huang, Po-Ssu and Boyken, Scott E and Baker, David},
  journal   = {Nature},
  volume    = {537},
  number    = {7620},
  pages     = {320--327},
  year      = {2016},
  publisher = {Nature Publishing Group}
}

@article{jackel2008protein,
  title     = {Protein design by directed evolution},
  author    = {J{\"a}ckel, Christian and Kast, Peter and Hilvert, Donald},
  journal   = {Annu. Rev. Biophys.},
  volume    = {37},
  pages     = {153--173},
  year      = {2008},
  publisher = {Annual Reviews}
}

@article{jin2005evolutionary,
  title     = {Evolutionary optimization in uncertain environments-a survey},
  author    = {Jin, Yaochu and Branke, J{\"u}rgen},
  journal   = {IEEE Transactions on evolutionary computation},
  volume    = {9},
  number    = {3},
  pages     = {303--317},
  year      = {2005},
  publisher = {IEEE}
}

@inproceedings{kaufmann2012bayesian,
  title     = {On Bayesian upper confidence bounds for bandit problems},
  author    = {Kaufmann, Emilie and Capp{\'e}, Olivier and Garivier, Aur{\'e}lien},
  booktitle = {Artificial intelligence and statistics},
  pages     = {592--600},
  year      = {2012}
}

@article{keefe2001functional,
  title     = {Functional proteins from a random-sequence library},
  author    = {Keefe, Anthony D and Szostak, Jack W},
  journal   = {Nature},
  volume    = {410},
  number    = {6829},
  pages     = {715--718},
  year      = {2001},
  publisher = {Nature Publishing Group}
}

@article{kingma2013auto,
  title   = {Auto-encoding variational bayes},
  author  = {Kingma, Diederik P and Welling, Max},
  journal = {arXiv preprint arXiv:1312.6114},
  year    = {2013}
}

@article{koulouriotis2008reinforcement,
  title     = {Reinforcement learning and evolutionary algorithms for non-stationary multi-armed bandit problems},
  author    = {Koulouriotis, Dimitris E and Xanthopoulos, A},
  journal   = {Applied Mathematics and Computation},
  volume    = {196},
  number    = {2},
  pages     = {913--922},
  year      = {2008},
  publisher = {Elsevier}
}

@article{kuleshov2014algorithms,
  title   = {Algorithms for multi-armed bandit problems},
  author  = {Kuleshov, Volodymyr and Precup, Doina},
  journal = {arXiv preprint arXiv:1402.6028},
  year    = {2014}
}

@article{liang2017deep,
  title   = {Deep text classification can be fooled},
  author  = {Liang, Bin and Li, Hongcheng and Su, Miaoqiang and Bian, Pan and Li, Xirong and Shi, Wenchang},
  journal = {arXiv preprint arXiv:1704.08006},
  year    = {2017}
}

@article{loladze2002thermodynamic,
  title     = {Thermodynamic consequences of burial of polar and non-polar amino acid residues in the protein interior},
  author    = {Loladze, Vakhtang V and Ermolenko, Dmitri N and Makhatadze, George I},
  journal   = {Journal of molecular biology},
  volume    = {320},
  number    = {2},
  pages     = {343--357},
  year      = {2002},
  publisher = {Elsevier}
}

@article{macken1989protein,
  title     = {Protein evolution on rugged landscapes},
  author    = {Macken, Catherine A and Perelson, Alan S},
  journal   = {Proceedings of the National Academy of Sciences},
  volume    = {86},
  number    = {16},
  pages     = {6191--6195},
  year      = {1989},
  publisher = {National Acad Sciences}
}

@book{mockus2012bayesian,
  title     = {Bayesian approach to global optimization: theory and applications},
  author    = {Mockus, Jonas},
  volume    = {37},
  year      = {2012},
  publisher = {Springer Science \& Business Media}
}

@article{moon2001analysis,
  title     = {Analysis of the clustering properties of the Hilbert space-filling curve},
  author    = {Moon, Bongki and Jagadish, Hosagrahar V and Faloutsos, Christos and Saltz, Joel H.},
  journal   = {IEEE Transactions on knowledge and data engineering},
  volume    = {13},
  number    = {1},
  pages     = {124--141},
  year      = {2001},
  publisher = {IEEE}
}

@inproceedings{moosavi2016deepfool,
  title     = {Deepfool: a simple and accurate method to fool deep neural networks},
  author    = {Moosavi-Dezfooli, Seyed-Mohsen and Fawzi, Alhussein and Frossard, Pascal},
  booktitle = {Proceedings of the IEEE conference on computer vision and pattern recognition},
  pages     = {2574--2582},
  year      = {2016}
}

@inproceedings{nguyen2015deep,
  title     = {Deep neural networks are easily fooled: High confidence predictions for unrecognizable images},
  author    = {Nguyen, Anh and Yosinski, Jason and Clune, Jeff},
  booktitle = {Proceedings of the IEEE conference on computer vision and pattern recognition},
  pages     = {427--436},
  year      = {2015}
}

@incollection{noble2009quantitation,
  title     = {Quantitation of protein},
  author    = {Noble, James E and Bailey, Marc JA},
  booktitle = {Methods in enzymology},
  volume    = {463},
  pages     = {73--95},
  year      = {2009},
  publisher = {Elsevier}
}

@article{ogden2019comprehensive,
  title     = {Comprehensive AAV capsid fitness landscape reveals a viral gene and enables machine-guided design},
  author    = {Ogden, Pierce J and Kelsic, Eric D and Sinai, Sam and Church, George M},
  journal   = {Science},
  volume    = {366},
  number    = {6469},
  pages     = {1139--1143},
  year      = {2019},
  publisher = {American Association for the Advancement of Science}
}

@article{pierce2002protein,
  title     = {Protein design is NP-hard},
  author    = {Pierce, Niles A and Winfree, Erik},
  journal   = {Protein engineering},
  volume    = {15},
  number    = {10},
  pages     = {779--782},
  year      = {2002},
  publisher = {Oxford University Press}
}

@article{pokusaeva2017experimental,
  title     = {Experimental assay of a fitness landscape on a macroevolutionary scale},
  author    = {Pokusaeva, Victoria O and Usmanova, Dinara R and Putintseva, Ekaterina V and Espinar, Lorena and Sarkisyan, Karen S and Mishin, Alexander S and Bogatyreva, Natalya S and Ivankov, Dmitry N and Filion, Guillaume J and Carey, Lucas B and others},
  journal   = {bioRxiv},
  pages     = {222778},
  year      = {2017},
  publisher = {Cold Spring Harbor Laboratory}
}

@article{romero2009exploring,
  title     = {Exploring protein fitness landscapes by directed evolution},
  author    = {Romero, Philip A and Arnold, Frances H},
  journal   = {Nature reviews Molecular cell biology},
  volume    = {10},
  number    = {12},
  pages     = {866--876},
  year      = {2009},
  publisher = {Nature Publishing Group}
}

@inproceedings{sabharwal2012guiding,
  title        = {Guiding combinatorial optimization with UCT},
  author       = {Sabharwal, Ashish and Samulowitz, Horst and Reddy, Chandra},
  booktitle    = {International Conference on Integration of Artificial Intelligence (AI) and Operations Research (OR) Techniques in Constraint Programming},
  pages        = {356--361},
  year         = {2012},
  organization = {Springer}
}

@book{sagan2012space,
  title     = {Space-filling curves},
  author    = {Sagan, Hans},
  year      = {2012},
  publisher = {Springer Science \& Business Media}
}

@article{sareni2000efficient,
  title     = {Efficient genetic algorithms for solving hard constrained optimization problems},
  author    = {Sareni, Bruno and Krahenbuhl, L and Nicolas, Alain},
  journal   = {IEEE Transactions on Magnetics},
  volume    = {36},
  number    = {4},
  pages     = {1027--1030},
  year      = {2000},
  publisher = {IEEE}
}

@article{schneider1997search,
  title     = {Search-space smoothing for combinatorial optimization problems},
  author    = {Schneider, Johannes and Dankesreiter, Markus and Fettes, Werner and Morgenstern, Ingo and Schmid, Martin and Singer, Johannes Maria},
  journal   = {Physica A: Statistical Mechanics and its Applications},
  volume    = {243},
  number    = {1-2},
  pages     = {77--112},
  year      = {1997},
  publisher = {Elsevier}
}

@article{schneider1998peptide,
  title     = {Peptide design by artificial neural networks and computer-based evolutionary search},
  author    = {Schneider, Gisbert and Schr{\"o}dl, Wieland and Wallukat, Gerd and M{\"u}ller, Johannes and Nissen, Eberhard and R{\"o}nspeck, Wolfgang and Wrede, Paul and Kunze, Rudolf},
  journal   = {Proceedings of the National Academy of Sciences},
  volume    = {95},
  number    = {21},
  pages     = {12179--12184},
  year      = {1998},
  publisher = {National Acad Sciences}
}

@article{shen2014introduction,
  title     = {Introduction to the peptide binding problem of computational immunology: New results},
  author    = {Shen, Wen-Jun and Wong, Hau-San and Xiao, Quan-Wu and Guo, Xin and Smale, Stephen},
  journal   = {Foundations of Computational Mathematics},
  volume    = {14},
  number    = {5},
  pages     = {951--984},
  year      = {2014},
  publisher = {Springer}
}

@article{sheppard2002world,
  title     = {World-championship-caliber Scrabble},
  author    = {Sheppard, Brian},
  journal   = {Artificial Intelligence},
  volume    = {134},
  number    = {1-2},
  pages     = {241--275},
  year      = {2002},
  publisher = {Elsevier}
}

@article{silver2017mastering,
  title     = {Mastering the game of go without human knowledge},
  author    = {Silver, David and Schrittwieser, Julian and Simonyan, Karen and Antonoglou, Ioannis and Huang, Aja and Guez, Arthur and Hubert, Thomas and Baker, Lucas and Lai, Matthew and Bolton, Adrian and others},
  journal   = {Nature},
  volume    = {550},
  number    = {7676},
  pages     = {354--359},
  year      = {2017},
  publisher = {Nature Publishing Group}
}

@article{wu2016adaptation,
  title     = {Adaptation in protein fitness landscapes is facilitated by indirect paths},
  author    = {Wu, Nicholas C and Dai, Lei and Olson, C Anders and Lloyd-Smith, James O and Sun, Ren},
  journal   = {Elife},
  volume    = {5},
  pages     = {e16965},
  year      = {2016},
  publisher = {eLife Sciences Publications Limited}
}

@article{yang2018machine,
  title   = {Machine learning in protein engineering},
  author  = {Yang, Kevin K and Wu, Zachary and Arnold, Frances H},
  journal = {arXiv preprint arXiv:1811.10775},
  year    = {2018}
}